@inproceedings{amos2017input,
title={Input convex neural networks},
author={Amos, Brandon and Xu, Lei and Kolter, J Zico},
booktitle={Proceedings of the 34th International Conference on Machine Learning-Volume 70},
pages={146--155},
year={2017},
organization={JMLR.org}
}

@article{kingma2013auto,
title={Auto-encoding variational bayes},
author={Kingma, Diederik P and Welling, Max},
journal={arXiv preprint arXiv:1312.6114},
year={2013}
}

@book{khalil2002nonlinear,
title={Nonlinear systems},
author={Khalil, Hassan K and Grizzle, Jessy W},
volume={3},
year={2002},
publisher={Prentice hall Upper Saddle River, NJ}
}

@book{la2012stability,
title={Stability by Liapunov's Direct Method with Applications by Joseph L Salle and Solomon Lefschetz},
author={La Salle, Joseph and Lefschetz, Solomon},
volume={4},
year={2012},
publisher={Elsevier}
}

@inproceedings{blocher2017learning,
title={Learning stable dynamical systems using contraction theory},
author={Blocher, Caroline and Saveriano, Matteo and Lee, Dongheui},
booktitle={2017 14th International Conference on Ubiquitous Robots and Ambient Intelligence (URAI)},
pages={124--129},
year={2017},
organization={IEEE}
}

@inproceedings{umlauft2017learning,
title={Learning stable stochastic nonlinear dynamical systems},
author={Umlauft, Jonas and Hirche, Sandra},
booktitle={Proceedings of the 34th International Conference on Machine Learning-Volume 70},
pages={3502--3510},
year={2017},
organization={JMLR. org}
}

@inproceedings{papachristodoulou2002construction,
title={On the construction of Lyapunov functions using the sum of squares decomposition},
author={Papachristodoulou, Antonis and Prajna, Stephen},
booktitle={Proceedings of the 41st IEEE Conference on Decision and Control, 2002.},
volume={3},
pages={3482--3487},
year={2002},
organization={IEEE}
}

@phdthesis{parrilo2000structured,
title={Structured semidefinite programs and semialgebraic geometry methods in robustness and optimization},
author={Parrilo, Pablo A},
year={2000},
school={California Institute of Technology}
}

@inproceedings{boots2008constraint,
title={A constraint generation approach to learning stable linear dynamical systems},
author={Boots, Byron and Gordon, Geoffrey J and Siddiqi, Sajid M},
booktitle={Advances in neural information processing systems},
pages={1329--1336},
year={2008}
}

@misc{vanderplas_2017, title={Triple Pendulum CHAOS!}, howpublished={\url{http://jakevdp.github.io/blog/2017/03/08/triple-pendulum-chaos/}}, journal={Pythonic Perambulations}, author={VanderPlas, Jake}, year={2017}, month={Mar}} 

@inproceedings{nagabandi2018neural,
title={Neural network dynamics for model-based deep reinforcement learning with model-free fine-tuning},
author={Nagabandi, Anusha and Kahn, Gregory and Fearing, Ronald S and Levine, Sergey},
booktitle={2018 IEEE International Conference on Robotics and Automation (ICRA)},
pages={7559--7566},
year={2018},
organization={IEEE}
}

@inproceedings{mishra2017prediction,
title={Prediction and control with temporal segment models},
author={Mishra, Nikhil and Abbeel, Pieter and Mordatch, Igor},
booktitle={Proceedings of the 34th International Conference on Machine Learning-Volume 70},
pages={2459--2468},
year={2017},
organization={JMLR. org}
}

@inproceedings{gal2016improving,
title={Improving PILCO with Bayesian neural network dynamics models},
author={Gal, Yarin and McAllister, Rowan and Rasmussen, Carl Edward},
booktitle={Data-Efficient Machine Learning workshop, ICML},
volume={4},
year={2016}
}

@inproceedings{gu2016continuous,
title={Continuous deep q-learning with model-based acceleration},
author={Gu, Shixiang and Lillicrap, Timothy and Sutskever, Ilya and Levine, Sergey},
booktitle={International Conference on Machine Learning},
pages={2829--2838},
year={2016}
}

@article{khansari2011learning,
title={Learning stable nonlinear dynamical systems with gaussian mixture models},
author={Khansari-Zadeh, S Mohammad and Billard, Aude},
journal={IEEE Transactions on Robotics},
volume={27},
number={5},
pages={943--957},
year={2011},
publisher={IEEE}
}

@inproceedings{chow2018lyapunov,
title={A lyapunov-based approach to safe reinforcement learning},
author={Chow, Yinlam and Nachum, Ofir and Duenez-Guzman, Edgar and Ghavamzadeh, Mohammad},
booktitle={Advances in Neural Information Processing Systems},
pages={8092--8101},
year={2018}
}

@article{richards2018lyapunov,
author={Richards, Spencer M and Berkenkamp, Felix and Krause, Andreas},
title={The lyapunov neural network: Adaptive stability certification for safe learning of dynamic systems},
journal={arXiv preprint arXiv:1808.00924},
year={2018}
}

@article{taylor2019episodic,
title={Episodic Learning with Control Lyapunov Functions for Uncertain Robotic Systems},
author={Taylor, Andrew J and Dorobantu, Victor D and Le, Hoang M and Yue, Yisong and Ames, Aaron D},
journal={arXiv preprint arXiv:1903.01577},
year={2019}
}

@article{chen2018optimal,
title={Optimal Control Via Neural Networks: A Convex Approach},
author={Chen, Yize and Shi, Yuanyuan and Zhang, Baosen},
journal={arXiv preprint arXiv:1805.11835},
year={2018}
}


@inproceedings{schodl2000video,
title={Video textures},
author={Sch{\"o}dl, Arno and Szeliski, Richard and Salesin, David H and Essa, Irfan},
booktitle={Proceedings of the 27th annual conference on Computer graphics and interactive techniques},
pages={489--498},
year={2000},
organization={ACM Press/Addison-Wesley Publishing Co.}
}

@inproceedings{he2015delving,
title={Delving deep into rectifiers: Surpassing human-level performance on imagenet classification},
author={He, Kaiming and Zhang, Xiangyu and Ren, Shaoqing and Sun, Jian},
booktitle={Proceedings of the IEEE international conference on computer vision},
pages={1026--1034},
year={2015}
}


@book{spong2006robot,
title={Robot modeling and control},
author={Spong, Mark W and Hutchinson, Seth and Vidyasagar, Mathukumalli and others},
year={2006}
}